<?xml version="1.0" encoding="UTF-8"?><collection xmlns="http://www.loc.gov/MARC21/slim"><record><leader>00408nam--2200121-i-4500</leader><controlfield tag="001">000037530</controlfield><controlfield tag="002">20161230</controlfield><controlfield tag="005">20161230201041</controlfield><controlfield tag="008">060222s1000------------r-----000-0-eng-d</controlfield><datafield ind1=" " ind2=" " tag="080"><subfield code="a">524.354.4:524.882(01)</subfield></datafield><datafield ind1=" " ind2=" " tag="245"><subfield code="a">Quasars, pulsars  and black holes february, 1981 - april, 1982 (citations from the ntis data base.)</subfield></datafield><datafield ind1=" " ind2=" " tag="260"><subfield code="a">Springfield, National Technical Information Service, 1982, V + 31p</subfield></datafield><datafield ind1=" " ind2=" " tag="852"><subfield code="a">70761</subfield></datafield></record></collection>